% Encoding: UTF-8

@MastersThesis{Zaher10mth,
  author   = {R. Al Zaher},
  title    = {Axial flux permanent magnet motor Csiro},
  date     = {2010-04-05},
  subtitle = {New frame design, analysis, steady state model and comparison to radial flux permanent magnet motor Biel},
  url      = {uuid:029674d0-3844-4b92-be6d-90bdcc4b9dad},
}

@Manual{bwsc19_regulations,
  title   = {Bridgestone World Solar Challenge 2019 Regulations},
  url     = {www.worldsolarchallenge.org/regulations},
  urldate = {2018-06-05},
}

@Manual{DGUV12,
  author = {{Deutsche Gesetzliche Unfallversicherung (DGUV)}},
  title  = {BGI/GUV-I 8686. Qualifizierung für Arbeiten an Fahrzeugen mit Hochvoltsystemen},
  date   = {2012-04},
}

@Standard{DIN_5032_1:1999,
  author = {DIN},
  title  = {Lichtmessung. Teil 1: Photometrische Verfahren},
  date   = {1999-04},
  type   = {DIN},
  key    = {DIN_5032_1},
  number = {5032-1},
}

@Standard{DIN_5031_1:1982,
  author = {DIN},
  title  = {Strahlungsphysik im optischen Bereich und Lichttechnik; Größen, Formelzeichen und Einheiten der Strahlungsphysik},
  date   = {1982-03},
  type   = {DIN},
  key    = {DIN_5031_1},
  number = {5031-1},
}

@Article{Gueymard18,
  author   = {Christian A. Gueymard},
  title    = {A reevaluation of the solar constant based on a 42-year total solar irradiance time series and a reconciliation of spaceborne observations},
  journal  = {Solar Energy},
  year     = {2018},
  volume   = {168},
  pages    = {2 - 9},
  note     = {Advances in Solar Resource Assessment and Forecasting},
  issn     = {0038-092X},
  doi      = {https://doi.org/10.1016/j.solener.2018.04.001},
  url      = {http://www.sciencedirect.com/science/article/pii/S0038092X18303463},
  keywords = {Solar constant, Total solar irradiance, Space radiometry, Solar variability},
}

@Article{ZVEI18_TransportLiIon,
  author = {{ZVEI}},
  title  = {Versand von Lithium-Ionen-Batterien für Elektrowerkzeuge und elektrische Gartengeräte: Umsetzung der Gefahrgut-Vorschriften},
  year   = {Ausgabe 2018},
}

@Online{BMVI_VorschriftenFuerKraftfahrzeuge,
  editor  = {Bundesministerium für Verkehr und digitale Infrastruktur},
  title   = {Internationale Harmonisierung der technischen Vorschriften für Kraftfahrzeuge},
  url     = {https://www.bmvi.de/SharedDocs/DE/Artikel/StV/internationale-harmonisierung-der-technischen-vorschriften-fuer-kraftfahrzeuge.html},
  urldate = {2019-07-01},
}

@Book{Kramer09,
  author    = {Florian Kramer},
  title     = {Passive Sicherheit von Kraftfahrzeugen},
  date      = {2009},
  subtitle  = {Biomechanik -- Simulation -- Sicherheit im Entwicklungsprozess},
  edition   = {3},
  publisher = {Vieweg+Teubner},
}

@TechReport{Cyburt16,
  author      = {Bruce Cyburt},
  title       = {White Paper: The Importance of Isolation},
  institution = {Acromag, Inc.},
  year        = {2016},
  subtitle    = {Learn How to Recognize the Need for Isolation},
}

@Thesis{Pernau99,
  author      = {Pernau, Thomas},
  title       = {Lebensdauerbestimmung und ortsaufgelöste Messung der Quantenausbeute an kristallinem Silizium},
  type        = {Diplomarbeit},
  institution = {Universität Konstanz},
  year        = {1999},
  url         = {http://nbn-resolving.de/urn:nbn:de:bsz:352-opus-3043},
}

@InProceedings{Kreinin08,
  author    = {L. {Kreinin} and N. {Bordin} and Y. {Eisenberg} and N. {Eisenberg}},
  title     = {Significance of bias light spectral composition for accurate measurement of silicon solar cell spectral response},
  booktitle = {2008 33rd IEEE Photovoltaic Specialists Conference},
  year      = {2008},
  month     = {May},
  pages     = {1-4},
  doi       = {10.1109/PVSC.2008.4922679},
  issn      = {0160-8371},
  keywords  = {Silicon;Photovoltaic cells;Strontium;Solar power generation;Optical filters;Lighting;Current measurement;DC generators;Signal generators;Optical modulation},
}

@Article{Babaro16,
  author  = {Babaro, Juan P. and West, Kevin G. and Hamadani, Behrang H.},
  title   = {Spectral response measurements of multijunction solar cells with low shunt resistance and breakdown voltages},
  journal = {Energy Science \& Engineering},
  year    = {2016},
  volume  = {4},
  number  = {6},
  pages   = {372-382},
  doi     = {10.1002/ese3.141},
  url     = {https://onlinelibrary.wiley.com/doi/abs/10.1002/ese3.141},
}

@InCollection{Yamaguchi12,
  author    = {M. Yamaguchi},
  title     = {Multiple Junction Solar Cells},
  booktitle = {Comprehensive Renewable Energy},
  year      = {2012},
  editor    = {Ali Sayigh},
  publisher = {Elsevier},
  pages     = {497 - 514},
}

@PhdThesis{Fischer03,
  author      = {Bernhard Fischer},
  title       = {Loss Analysis of Crystalline Silicon Solar Cells using Photoconductance and Quantum Efficiency Measurements},
  institution = {Universität Konstanz Fachbereich Physik},
  year        = {2003},
}

@Report{Sengupta17,
  author      = {Manajit Sengupta and Aron Habte and Christian Gueymard and Stefan Wilbert and Dave Renné and Thomas Stoffel},
  title       = {Best Practices Handbook for the Collection and Use of Solar Resource Data for Solar Energy Applications},
  institution = {NREL},
  year        = {2017},
  number      = {NREL/TP-5D00-63112},
  url         = {https://www.nrel.gov/docs/fy15osti/63112.pdf},
}

@Manual{Andrews19,
  author    = {Keith Andrews},
  title     = {Writing a Thesis: Guidelines for Writing a Master’s Thesis in Computer Science},
  date      = {2019-01-27},
  publisher = {Institute of Interactive Systems and Data Science (ISDS)},
  url       = {https://ftp.isds.tugraz.at/pub/keith/thesis/},
}

@Comment{jabref-meta: databaseType:biblatex;}
